=LDR  04512cam a22009977a 4500
=001  012968718
=003  Uk
=005  20230924062515.0
=007  cr\un|||||||||
=008  040504s2004\\\\nyuac\\\\b\\\\101\0\eng\\
=010  \\$a2004101569
=020  \\$a0735401756
=040  \\$aCUI$beng$cCUI$dIBS$dIXA
=111  2\$aInternational Symposium on Beamed Energy Propulsion$n(2nd :$d2003 :$cSendai-shi (Miyagi-ken), Japan)
=245  10$aBeamed energy propulsion :$bSecond International Symposium on Beamed Energy Propulsion, Sendai, Japan, 20-23 October 2003 /$ceditor, Kimiya Komurasaki ; sponsoring organizations, Japan Aerospace Exploration Agency (JAXA) ... [et al.].
=246  30$aSecond International Symposium on Beamed Energy Propulsion
=260  \\$aMelville, N.Y. :$bAmerican Institute of Physics,$c2004.
=300  \\$axv, 561 p. :$bill., col. port. ;$c25 cm.
=336  \\$atext$2rdacontent
=337  \\$acomputer$2rdamedia
=338  \\$aonline resource$2rdacarrier
=490  1\$aAIP conference proceedings,$x0094-243X ;$vv. 702
=504  \\$aIncludes bibliographical references and index.
=530  \\$aAlso available via the World Wide Web.
=540  \\$aCurrent copyright fee: GBP29.17$c7\0$5Uk
=591  \\$aPapers.
=650  \0$aSpace vehicles$xPropulsion systems$vCongresses.
=650  \0$aParticle beams$xIndustrial applications$vCongresses.
=650  \0$aLasers in astronautics$vCongresses.
=650  \0$aRocket engines$xThrust$vCongresses.
=653  1\$aBeamed energy propulsion
=653  1\$aEnergy propulsion
=700  1\$aKomurasaki, Kimiya.
=710  2\$aUchū Kōkū Kenkyū Kaihatsu Kikō.
=830  \0$aAIP conference proceedings,$x0094-243X ;$vv. 702
=852  41$aBritish Library$bSTI
=852  41$aBritish Library$bDSC$j0773.430000
=856  \\$31850-9999$uhttp://www.aip.org$xBLDSS
=856  41$uhttp://proceedings.aip.org/proceedings/confproceed/702.jsp
=945  \\$aAIP conference proceedings, ISSN 0094-243X ; v. 702 2004
=994  \\$aZ0$bBLX
=ACF  \\$aPrevious copyright fee: GBP18.18$c7\0$e01-jul-2012$fGBP18.18$g0$hP$5Uk
=ACF  \\$aPrevious copyright fee: GBP18.75$c7\0$e01-jan-2013$fGBP18.75$g0$hP$5Uk
=ACF  \\$aPrevious copyright fee: GBP19.35$c7\0$e01-jul-2013$fGBP19.35$g0$hP$5Uk
=ACF  \\$aPrevious copyright fee: GBP19.35$c7\0$e08-feb-2016$fGBP19.35$g0$hP$5Uk
=ACF  \\$aPrevious copyright fee: GBP20.69$c7\0$e01-apr-2016$fGBP20.69$g0$hP$5Uk
=ACF  \\$aPrevious copyright fee: GBP22.22$c7\0$e01-oct-2016$fGBP22.22$g0$hP$5Uk
=ACF  \\$aPrevious copyright fee: GBP24.00$c7\0$e01-apr-2017$fGBP24.00$g0$hP$5Uk
=ACF  \\$aPrevious copyright fee: GBP28.00$c7\0$e01-oct-2020$fGBP28.00$g0$hP$5Uk
=CAT  \\$a8962$b40$c20040811$lBLL01$h1302
=CAT  \\$aBATCH-CLA$b00$c20200220$lBLL01$h0511
=CAT  \\$aIPL-CLA$c20200331$lBLL01$h1613
=CAT  \\$aBATCH-UPD$b00$c20200522$lBLL01$h1541
=CAT  \\$aBATCH-CLA$b00$c20200523$lBLL01$h0507
=CAT  \\$aBATCH-CLA$b00$c20200523$lBLL01$h0533
=CAT  \\$aIPL-CLA$c20200701$lBLL01$h0054
=CAT  \\$aBATCH-UPD$b00$c20200820$lBLL01$h1757
=CAT  \\$aBATCH-CLA$b00$c20200821$lBLL01$h0110
=CAT  \\$aBATCH-CLA$b00$c20200821$lBLL01$h0112
=CAT  \\$aIPL-CLA$c20200930$lBLL01$h1643
=CAT  \\$aBATCH-UPD$b00$c20210226$lBLL01$h1123
=CAT  \\$aBATCH-CLA$b00$c20210227$lBLL01$h0457
=CAT  \\$aBATCH-CLA$b00$c20210227$lBLL01$h0523
=CAT  \\$aIPL-CLA$c20210331$lBLL01$h1841
=CAT  \\$aBATCH-UPD$b00$c20210707$lBLL01$h1647
=CAT  \\$aIPL-CLA$c20210707$lBLL01$h1955
=CAT  \\$aBATCH-CLA$b00$c20210708$lBLL01$h0428
=CAT  \\$aBATCH-UPD$b00$c20220520$lBLL01$h1732
=CAT  \\$aBATCH-CLA$b00$c20220521$lBLL01$h0433
=CAT  \\$aBATCH-CLA$b00$c20220521$lBLL01$h0458
=CAT  \\$aIPL-CLA$c20220630$lBLL01$h1707
=CAT  \\$aBATCH-UPD$b00$c20220824$lBLL01$h0949
=CAT  \\$aBATCH-CLA$b00$c20220825$lBLL01$h0446
=CAT  \\$aBATCH-CLA$b00$c20220825$lBLL01$h0508
=CAT  \\$aIPL-CLA$c20220930$lBLL01$h1554
=CAT  \\$aW2308-1659$c20230923$lBLL01$h0907
=CAT  \\$aBATCH-CLA$b00$c20230924$lBLL01$h0625
=CFI  0\$aCurrent copyright fee: GBP29.17$c7\0$e01-oct-2022$fGBP29.17$g0$hP$5Uk
=CNF  \\$aInternational Symposium on Beamed Energy Propulsion$n(2nd :$d2003 Oct :$cSendai, Japan)
=FFP  \\$aY$bBLDSS-3PM
=FIN  \\$aY
=FMT  \\$a  BK
=LAS  \\$aBATCH-CLA$b00$c20230924$lBLL01$h0625
=SID  \\$aZ39$bOCLC
=TCO  \\$aTRS$bCCC$c008
=UNO  \\$aY

