=LDR  04394cas a2201117 a 4500
=001  007032696
=003  Uk
=005  20160419145416.0
=006  m\\\\\\\\d\|\\\\\\
=007  cr||||||||||||
=008  031106c20009999enk\x\p\s\ai\\0\\\a0mul\\
=015  \\$aGBA341145$2bnb
=019  y\$abA341145
=019  9\$abA341145
=019  0\$as686553004
=022  0\$a1471-7107$202
=039  0\$a2767
=040  \\$aUk$cUk$dUk
=042  \\$aissnuk
=082  04$a543.005$221
=130  0\$aAnalytical abstracts (Online)
=210  0\$aAnal. WebBase$b(Online)
=222  \0$aAnalytical WebBase$b(Online)
=245  10$aAnalytical abstracts$h[electronic resource].
=246  13$aAnalytical WebBase
=260  \\$a[New York ;$aLondon] (Merlin House, 20 Belmont Terrace, Chiswick, W4 5UG]) :$bOvid Technologies,$c[2000]-
=336  \\$atext$2rdacontent
=337  \\$acomputer$2rdamedia
=338  \\$aonline resource$2rdacarrier
=500  \\$aProduced by: Royal Society Chemistry.
=500  \\$aTitle from database selection screen (viewed 4 June 2003). - Companion web database: Analytical WebBase.
=500  \\$aDescription based on: 1980-2003/05 release.
=520  \\$aContains references to articles dealing solely with analytical engineering from 3000+ journals.
=530  \\$aAlso available in print and CD-ROM formats.
=538  \\$aMode of access: World Wide Web.
=540  \\$aCurrent copyright fee: GBP46.75$c6\1$5Uk
=650  \0$aChemistry, Analytic$vAbstracts.
=650  \0$aChemistry, Analytic$vIndexes.
=710  2\$aRoyal Society of Chemistry (Great Britain)
=710  2\$aOvid Technologies, Inc.
=776  0\$tAnalytical abstracts$x0003-2689
=852  \\$aBritish Library$bDSC$j0896.000000
=852  41$aBritish Library$bSTI
=856  \\$31850-9999$uhttp://www.rsc.org/$xBLDSS
=856  40$uhttp://web5.silverplatter.com.webspirs/start
=945  \\$aAnalytical abstracts.
=957  \\$a030604p
=985  \\$aRecord merged by DQ team
=ACF  \\$aPrevious copyright fee: GBP31.50$c6\1$e25-mar-2011$fGBP31.50$g0$hP$5Uk
=ACF  \\$aCurrent copyright fee: GBP10.50$c0$e01-jan-2011$fGBP10.50$g0$hA$5Uk
=ACF  \\$aPrevious Copyright Fee: GBP160.00$c0$e01-oct-2005$fGBP160.00$g0$hC$5Uk
=ACF  \\$aPrevious copyright fee: GBP33.60$c6\1$e01-jul-2011$fGBP33.60$g0$hP$5Uk
=ACF  \\$aPrevious copyright fee: GBP37.80$c6\1$e01-jan-2013$fGBP37.80$g0$hP$5Uk
=ACF  \\$aPrevious copyright fee: GBP35.70$c6\1$e01-jan-2012$fGBP35.70$g0$hP$5Uk
=CAT  \\$aCONV$b00$c20040425$lBLL90$h0531
=CAT  \\$a5552$b40$c20110412$lBLL01$h1600
=CAT  \\$aIPL-CLA$c20110630$lBLL01$h1503
=CAT  \\$aBATCH-UPD$b00$c20111123$lBLL01$h1854
=CAT  \\$aIPL-CLA$c20111230$lBLL01$h1642
=CAT  \\$a3072$b40$c20120315$lBLL01$h1643
=CAT  \\$a3072$b40$c20120315$lBLL01$h1657
=CAT  \\$a3072$b40$c20120315$lBLL01$h1706
=CAT  \\$a3072$b40$c20120316$lBLL01$h0957
=CAT  \\$aBATCH-CLA$b00$c20121103$lBLL01$h1034
=CAT  \\$aBATCH-UPD$b00$c20121105$lBLL01$h1131
=CAT  \\$aBATCH-UPD$b00$c20121121$lBLL01$h1701
=CAT  \\$aIPL-CLA$c20121231$lBLL01$h1241
=CAT  \\$aIPL-CLA$c20130102$lBLL01$h1640
=CAT  \\$aWR13.005$c20130323$lBLL01$h1232
=CAT  \\$a12654$b40$c20130611$lBLL01$h0906
=CAT  \\$a12654$b40$c20130611$lBLL01$h0907
=CAT  \\$a12654$b40$c20130611$lBLL01$h0908
=CAT  \\$aWR14_140$c20140905$lBLL01$h1709
=CAT  \\$aBLDSS-3PM$b00$c20150111$lBLL01$h1518
=CAT  \\$a5552$b40$c20150702$lBLL01$h0900
=CAT  \\$aBATCH-UPD$b40$c20160413$lBLL01$h1800
=CAT  \\$a5410$b40$c20160419$lBLL01$h1454
=CAT  \\$aBATCH-UPD$b40$c20161122$lBLL01$h1547
=CAT  \\$aBATCH-UPD$b40$c20161122$lBLL01$h1826
=CAT  \\$aIPL-CLA$c20161230$lBLL01$h1752
=CFI  0\$aCurrent copyright fee: GBP46.75$c6\1$e01-jan-2017$fGBP46.75$g0$hP$5Uk
=CFI  2\$aPrevious copyright fee: GBP41.80$c6\1$e02-jul-2015$fGBP41.80$g0$hP$5Uk
=FFP  \\$aY$bBLDSS-3PM
=FIN  \\$aY
=FMT  \\$a  SE
=LAS  \\$aIPL-CLA$b00$c20161230$lBLL01$h1752
=LEO  \\$aMP22.0000065052
=LEO  \\$aMP5.0000022549
=LEO  \\$aMP25.0000364236
=MNI  \\$a0003-2689
=SRC  \\$aISN01$bbibmp22.200404.2.aa
=SRC  \\$aBNB03$bbibmp5.200404.2.aa
=SRC  \\$aDSS03$bbibsr.200404.2.aa
=SRC  \\$aSRI01$bbibmp25.200404.2.aa
=TCO  \\$aCLA$bCLA$c008
=UNO  \\$aY

