=LDR  04193cam a22009497a 4500
=001  015768682
=003  Uk
=005  20230508010142.0
=007  cr\|||||||||||
=008  110120s2010\\\\nyua\\\\ob\\\\101\0\eng\d
=010  \\$a  2010911819
=020  \\$a9780735408128
=020  \\$a0735408122
=035  \\$a(OCoLC)ocn670725196
=040  \\$aCGU$cCGU$dCGU$dNHM$dAFU$dDLC
=042  \\$alccopycat
=050  00$aQC717.6$b.I556 2009
=111  2\$aInternational Symposium on Applied Plasma Science$n(7th :$d2009 :$cHamburg, Germany)
=245  10$aNew trend in applied plasma science and technology :$bthe seventh International Symposium on Applied Plasma Sciences - ISAPS '09 ; Hamburg, Germany ; 31 August-4 September 2009 /$ceditors: Akira Kobayashi, Takeshi Miyasaka, Josef Krasa.
=246  3\$aISAPS '09
=260  \\$aMelville, N.Y. :$bAmerican Institute of Physics,$cc2010.
=300  \\$axiv, 138 p. :$bill. (some col. ) ;$c28 cm.
=336  \\$atext$2rdacontent
=337  \\$acomputer$2rdamedia
=338  \\$aonline resource$2rdacarrier
=490  1\$aAIP conference proceedings,$x0094-243X ;$v1282
=504  \\$aIncludes bibliographical references and index.
=540  \\$aCurrent copyright fee: GBP29.17$c7\0$5Uk
=650  \0$aPlasma (Ionized gases)$vCongresses.
=700  1\$aKobayashi, Akira.
=700  1\$aMiyasaka, Takeshi.
=700  1\$aKrása, Josef.
=830  \0$aAIP conference proceedings ;$vno. 1282.
=830  \0$aAIP conference proceedings (Online).$pMaterials physics and applications.
=830  \0$aAIP conference proceedings (Online).$pPlasma physics.
=852  41$aBritish Library$bSTI
=852  41$aBritish Library$bDSC$j0773.430000
=856  \\$31850-9999$uhttp://www.aip.org$xBLDSS
=856  40$uhttp://scitation.aip.org/dbt/dbt.jsp?KEY=APCPCS&Volume=1282&Issue=1
=ACF  \\$aPrevious copyright fee: GBP18.18$c7\0$e01-jul-2012$fGBP18.18$g0$hP$5Uk
=ACF  \\$aPrevious copyright fee: GBP18.75$c7\0$e01-jan-2013$fGBP18.75$g0$hP$5Uk
=ACF  \\$aPrevious copyright fee: GBP19.35$c7\0$e01-jul-2013$fGBP19.35$g0$hP$5Uk
=ACF  \\$aPrevious copyright fee: GBP19.35$c7\0$e08-feb-2016$fGBP19.35$g0$hP$5Uk
=ACF  \\$aPrevious copyright fee: GBP20.69$c7\0$e01-apr-2016$fGBP20.69$g0$hP$5Uk
=ACF  \\$aPrevious copyright fee: GBP22.22$c7\0$e01-oct-2016$fGBP22.22$g0$hP$5Uk
=ACF  \\$aPrevious copyright fee: GBP24.00$c7\0$e01-apr-2017$fGBP24.00$g0$hP$5Uk
=ACF  \\$aPrevious copyright fee: GBP28.00$c7\0$e01-oct-2020$fGBP28.00$g0$hP$5Uk
=CAT  \\$a9504$b40$c20110309$lBLL01$h1402
=CAT  \\$aBATCH-CLA$b00$c20200220$lBLL01$h0512
=CAT  \\$aIPL-CLA$c20200331$lBLL01$h1626
=CAT  \\$aBATCH-UPD$b00$c20200522$lBLL01$h1542
=CAT  \\$aBATCH-CLA$b00$c20200523$lBLL01$h0507
=CAT  \\$aBATCH-CLA$b00$c20200523$lBLL01$h0537
=CAT  \\$aIPL-CLA$c20200701$lBLL01$h0110
=CAT  \\$aBATCH-UPD$b00$c20200820$lBLL01$h1758
=CAT  \\$aBATCH-CLA$b00$c20200821$lBLL01$h0111
=CAT  \\$aBATCH-CLA$b00$c20200821$lBLL01$h0112
=CAT  \\$aIPL-CLA$c20200930$lBLL01$h1645
=CAT  \\$aBATCH-UPD$b00$c20210226$lBLL01$h1124
=CAT  \\$aBATCH-CLA$b00$c20210227$lBLL01$h0457
=CAT  \\$aBATCH-CLA$b00$c20210227$lBLL01$h0527
=CAT  \\$aIPL-CLA$c20210331$lBLL01$h1857
=CAT  \\$aBATCH-UPD$b00$c20210707$lBLL01$h1648
=CAT  \\$aIPL-CLA$c20210707$lBLL01$h2001
=CAT  \\$aBATCH-CLA$b00$c20210708$lBLL01$h0429
=CAT  \\$aBATCH-UPD$b00$c20220520$lBLL01$h1733
=CAT  \\$aBATCH-CLA$b00$c20220521$lBLL01$h0433
=CAT  \\$aBATCH-CLA$b00$c20220521$lBLL01$h0501
=CAT  \\$aIPL-CLA$c20220630$lBLL01$h1721
=CAT  \\$aBATCH-UPD$b00$c20220824$lBLL01$h0950
=CAT  \\$aBATCH-CLA$b00$c20220825$lBLL01$h0447
=CAT  \\$aBATCH-CLA$b00$c20220825$lBLL01$h0509
=CAT  \\$aIPL-CLA$c20220930$lBLL01$h1608
=CAT  \\$aBATCH-UPD$b00$c20230507$lBLL01$h2042
=CAT  \\$aBATCH-CLA$b00$c20230508$lBLL01$h0101
=CFI  0\$aCurrent copyright fee: GBP29.17$c7\0$e01-oct-2022$fGBP29.17$g0$hP$5Uk
=FFP  \\$aY$bBLDSS-3PM
=FMT  \\$a  BK
=LAS  \\$aBATCH-CLA$b00$c20230508$lBLL01$h0101
=SRC  \\$aBLL02
=TCO  \\$aTRS$bCCC$c008
=UNO  \\$aY

