=LDR  04289cam a22009617a 4500
=001  015812295
=003  Uk
=005  20220930160856.0
=007  cr\|n|||||||||
=008  101028s2010\\\\nyua\\\\\b\\\\101\0\eng\\
=010  \\$a  2010908400
=020  \\$a9780735408074
=020  \\$a0735408076
=040  \\$aDLC$beng$cDLC$dDLC$dUk
=042  \\$aukblderived
=050  00$aQC793.5.H327$bI58 2009
=082  00$a539.7216$222
=111  2\$aInternational Conference on Hadron Spectroscopy$n(13th :$d2009 :$cTallahassee, Fla.)
=245  10$aHadron 2009 :$bproceedings of the XIII International Conference on Hadron Spectroscopy ; Tallahassee, Florida, 29 November-4 December 2009 /$ceditors: Volker Crede, Paul Eugenio, Alexander Ostrovidov.
=260  \\$aMelville, N.Y. :$bAmerican Institute of Physics,$c2010.
=300  \\$axiii, 818 p. :$bill. (some col.) ;$c28 cm.
=336  \\$atext$2rdacontent
=337  \\$acomputer$2rdamedia
=338  \\$aonline resource$2rdacarrier
=490  1\$aAIP conference proceedings,$x0094-243X ;$vv. 1257
=504  \\$aIncludes bibliographical references and index.
=540  \\$aCurrent copyright fee: GBP29.17$c7\0$5Uk
=591  \\$aPapers.
=650  \0$aHadron spectroscopy$vCongresses.
=700  1\$aCrede, Volker.
=700  1\$aEugenio, Paul Michael,$d1966-
=700  1\$aOstrovidov, Alexander.
=830  \0$aAIP conference proceedings ;$vno. 1257.
=852  41$aBritish Library$bSTI
=852  41$aBritish Library$bDSC$j0773.430000
=856  \\$31850-9999$uhttp://www.aip.org$xBLDSS
=856  40$uhttp://scitation.aip.org/dbt/dbt.jsp?KEY=APCPCS&Volume=1257&Issue=1
=856  42$3Publisher description$uhttp://www.loc.gov/catdir/enhancements/fy1106/2010908400-d.html
=945  \\$aAIP conference proceedings, ISSN 0094-243X ; vol 1257 2010
=ACF  \\$aPrevious copyright fee: GBP18.18$c7\0$e01-jul-2012$fGBP18.18$g0$hP$5Uk
=ACF  \\$aPrevious copyright fee: GBP18.75$c7\0$e01-jan-2013$fGBP18.75$g0$hP$5Uk
=ACF  \\$aPrevious copyright fee: GBP19.35$c7\0$e01-jul-2013$fGBP19.35$g0$hP$5Uk
=ACF  \\$aPrevious copyright fee: GBP19.35$c7\0$e08-feb-2016$fGBP19.35$g0$hP$5Uk
=ACF  \\$aPrevious copyright fee: GBP20.69$c7\0$e01-apr-2016$fGBP20.69$g0$hP$5Uk
=ACF  \\$aPrevious copyright fee: GBP22.22$c7\0$e01-oct-2016$fGBP22.22$g0$hP$5Uk
=ACF  \\$aPrevious copyright fee: GBP24.00$c7\0$e01-apr-2017$fGBP24.00$g0$hP$5Uk
=ACF  \\$aPrevious copyright fee: GBP28.00$c7\0$e01-oct-2020$fGBP28.00$g0$hP$5Uk
=CAT  \\$a7164$b40$c20110523$lBLL01$h1521
=CAT  \\$aBATCH-CLA$b00$c20200220$lBLL01$h0512
=CAT  \\$aIPL-CLA$c20200331$lBLL01$h1626
=CAT  \\$aBATCH-UPD$b00$c20200522$lBLL01$h1542
=CAT  \\$aBATCH-CLA$b00$c20200523$lBLL01$h0507
=CAT  \\$aBATCH-CLA$b00$c20200523$lBLL01$h0537
=CAT  \\$aIPL-CLA$c20200701$lBLL01$h0111
=CAT  \\$aBATCH-UPD$b00$c20200820$lBLL01$h1758
=CAT  \\$aBATCH-CLA$b00$c20200821$lBLL01$h0111
=CAT  \\$aBATCH-CLA$b00$c20200821$lBLL01$h0112
=CAT  \\$aIPL-CLA$c20200930$lBLL01$h1645
=CAT  \\$aBATCH-UPD$b00$c20210226$lBLL01$h1124
=CAT  \\$aBATCH-CLA$b00$c20210227$lBLL01$h0457
=CAT  \\$aBATCH-CLA$b00$c20210227$lBLL01$h0527
=CAT  \\$aIPL-CLA$c20210331$lBLL01$h1858
=CAT  \\$aBATCH-UPD$b00$c20210707$lBLL01$h1648
=CAT  \\$aIPL-CLA$c20210707$lBLL01$h2002
=CAT  \\$aBATCH-CLA$b00$c20210708$lBLL01$h0429
=CAT  \\$aBATCH-UPD$b00$c20220520$lBLL01$h1733
=CAT  \\$aBATCH-CLA$b00$c20220521$lBLL01$h0433
=CAT  \\$aBATCH-CLA$b00$c20220521$lBLL01$h0501
=CAT  \\$aIPL-CLA$c20220630$lBLL01$h1722
=CAT  \\$aBATCH-UPD$b00$c20220824$lBLL01$h0950
=CAT  \\$aBATCH-CLA$b00$c20220825$lBLL01$h0447
=CAT  \\$aBATCH-CLA$b00$c20220825$lBLL01$h0509
=CAT  \\$aIPL-CLA$c20220930$lBLL01$h1608
=CFI  0\$aCurrent copyright fee: GBP29.17$c7\0$e01-oct-2022$fGBP29.17$g0$hP$5Uk
=CFI  2\$aPrevious copyright fee: GBP28.00$c7\0$e01-jul-2022$fGBP28.00$g0$hP$5Uk
=CNF  \\$aInternational conference on hadron spectroscopy$n(13th :$d2009 Nov :$cTallahassee, FL)
=FFP  \\$aY$bBLDSS-3PM
=FIN  \\$aY$d20110526
=FMT  \\$a  BK
=LAS  \\$aIPL-CLA$b00$c20220930$lBLL01$h1608
=SRC  \\$aBLL02
=TCO  \\$aTRS$bCCC$c008
=UNO  \\$aY

